@article{adaptive-practice,
 author = {Thomas Butt},
 title = {Adaptive Practice: High-Efficiency Game-Based Learning},
 url = {http://www.brainrush.com/pdf/AdaptivePracticeWhitepaper.pdf},
 issue_date = {January 2012},
 year = {2012},
}

@article{flow,
 title={Flow: {T}he Psychology of Optimal Experience},
 author={Csikszentmihalyi, Mihaly},
 year={1990},
 publisher={Harper \& Row},
}
