@article{adaptive-practice,
 title = {Adaptive Practice: High-Efficiency Game-Based Learning},
 author = {Thomas Butt},
 url = {http://www.brainrush.com/pdf/AdaptivePracticeWhitepaper.pdf},
 issue_date = {January 2012},
 year = {2012},
}

@article{adaptive-practice-irt-math,
  title={Computer adaptive practice of maths ability using a new item response model for on the fly ability and difficulty estimation},
  author={Klinkenberg, S and Straatemeier, M and van der Maas, H. L. J.},
  journal={Computers \& Education},
  volume={57},
  number={2},
  pages={1813--1824},
  year={2011},
  publisher={Elsevier}
}

@book{computerized-adaptive-testing,
  title={Computerized adaptive testing: {T}heory and practice},
  author={van der Linden, Wim J and Glas, Cees A. W.},
  year={2000},
  publisher={Springer},
  isbn={978-0-7923-6425-2}
}

@article{edu-improve,
  title={Inexpensive techniques to improve education: Applying cognitive psychology to enhance educational practice},
  author={Roediger, Henry L. and Pyc, Mary A.},
  journal={Journal of Applied Research in Memory and Cognition},
  volume={1},
  number={4},
  pages={242--248},
  year={2012},
  publisher={Elsevier}
}

@book{elo-rating,
  title={The rating of chessplayers, past and present},
  author={Elo, Arpad E},
  year={1978},
  publisher={Batsford London}
}

@article{flow,
 title={Flow: {T}he Psychology of Optimal Experience},
 author={Csikszentmihalyi, Mihaly},
 year={1990},
 publisher={Harper \& Row},
}

@article{learner-skill-models-review,
  title={A review of recent advances in learner and skill modeling in intelligent learning environments},
  author={Desmarais, Michel C and Baker, Ryan S. J. d.},
  journal={User Modeling and User-Adapted Interaction},
  volume={22},
  number={1-2},
  pages={9--38},
  year={2012},
  publisher={Springer}
}

@article{irt-guide,
  title={A visual guide to item response theory},
  author={Partchev, Ivailo},
  publisher={Friedrich Schiller Universit{\"a}t Jena},
  note={Friedrich Schiller Universit{\"a}t Jena},
  year={2004}
}

@book{irt-theory-and-practice,
  title={Theory and practice of item response theory},
  author={de Ayala, Rafael Jaime},
  year={2013},
  publisher={Guilford Publications}
}

@article{irt-ability-estimation,
 author = {Nathan A. Thompson},
 title = {Ability Estimation with Item Response Theory},
 url = {http://www.assess.com/docs/Thompson_(2009)_-_Ability_estimation_with_IRT.pdf},
 year = {2009},
 publisher = {Assessment Systems Corporation},
 note = {Assessment Systems Corporation},
}

@inproceedings{pfa,
  title={Performance Factors Analysis--A New Alternative to Knowledge Tracing},
  author={Pavlik, Philip I and Cen, Hao and Koedinger, Kenneth R},
  booktitle={Proceedings of Artificial Intelligence in Education (AIED)},
  year={2009},
  publisher={IOS Press}
}

@inproceedings{slepe-mapy,
    booktitle={Advanced Learning Technologies (ICALT), 11th IEEE International Conference},
    author = {Pel{\'a}nek, Radek and Papou{\v s}ek, Jan and Stanislav, V{\'i}t},
    booktitle = {Proceedings of the 7th International Conference on Educational Data Mining (EDM 2014)},
    editor = {Stamper, John and Pardos, Zachary and Mavrikis, Manolis and McLaren, Bruce M.},
    isbn = {978-0-9839525-4-1},
    pages = {6-13},
    publisher = {International Educational Data Mining Society},
    title = {Adaptive Practice of Facts in Domains with Varied Prior Knowledge},
    year = {2014}
}

@inproceedings{slepe-mapy-motivation,
  title={Impact of Adaptive Educational System Behaviour on Student Motivation},
  author={Papou{\v{s}}ek, Jan and Pel{\'a}nek, Radek},
  booktitle={Proceedings of Artificial Intelligence in Education (AIED)},
  year={2015}
}

@article{slepe-mapy-time-elo,
  title={Time decay functions and elo system in student modeling},
  author={Pel{\'a}nek, Radek},
  journal={Proc. of Educational Data Mining (EDM)},
  year={2014}
}

@article{tutoring-systems-behavior,
  title={The behavior of tutoring systems},
  author={Vanlehn, Kurt},
  journal={International journal of artificial intelligence in education},
  volume={16},
  number={3},
  pages={227--265},
  year={2006},
  publisher={IOS Press}
}

